@book{saturday_is_monday,
  author    = "Стругацкий, А.Н. and Стругацкий, Б.Н.",
  title     = "Понедельник начинается в субботу",
  address   = "М.",
  editor    = "Иванов",
  publisher = "Детская литература",
  year      = 1965,
  language  = "russian"
}
@book{book:fourier,
  title      = {Ряды и интеграл Фурье: Теория поля. Аналитические и специальные функции. Преобразование Лапласа},
  author     = {Кожевников, Н.И. and Краснощекова, Т.И. and Шишкин, Н.Е.},
  lccn       = {66051327},
  series     = {Избранные главы высшей математики для инженеров и студентов втузов. Задачи и упражнения},
  url        = {http://books.google.ru/books?id=xvXuAAAAMAAJ},
  year       = {1964},
  publisher  = {Наука},
  eprint     = {http://books.google.ru/books?id=xvXuAAAAMAAJ},
  eprinttype = {Google Books}
}
@online{wiki:lcd,
  author       = "Wikipedia",
  title        = "Наибольший общий делитель",
  howpublished = "Википедия, свободная энциклопедия",
  year         = 2012,
  url          = {http://goo.gl/1eEF3},
  urldate      = "08.04.2013",
  language     = "russian"
}
@online{tiobe,
    author          = "TIOBE",
    title           = "TIOBE Index for April 2017",
    howpublished    = "TIOBE software BV",
    year            = {2017},
    url             = {https://goo.gl/qtX6AP},
    urldate         = "12.04.2017",
    language        = "english"
}
@online{openjdk:compatibility,
    author          = "Oracle Corporation",
    title           = "OpenJDK Developers' Guide. Compatibility",
    howpublished    = "OpenJDK Developers' Guide.",
    year            = {2010},
    url             = {https://goo.gl/yYrhre},
    urldate         = {"12.04.2017"},
    language        = "english"
}
@online{jvm:specification,
    author          = "Oracle Corporation",
    title           = "The Java® Virtual Machine Specification",
    howpublished    = "Specification: JSR-337 Java® SE 8 Release Contents",
    year            = {2015},
    url             = {https://goo.gl/WCbpCi},
    urldate         = {"12.04.2017"},
    language        = "english"
}
@online{jvm:reflection,
    author          = "Oracle Corporation",
    title           = "Package java.lang.reflect",
    howpublished    = "Package java.lang.reflect Description",
    year            = {2016},
    url             = {https://goo.gl/8ocfVZ},
    urldate         = {"12.04.2017"},
    language        = "english"
}
@online{jvm:jsr292,
    author          = "Oracle Corporation",
    title           = "JSR 292: Supporting Dynamically Typed Languages on the JavaTM Platform",
    howpublished    = "JSRs: Java Specification Requests",
    year            = {2011},
    url             = {https://goo.gl/6mDxU1},
    urldate         = {"14.04.2017"},
    language        = "english"
}
@online{kotlin:compatibility,
    author          = "JetBrains",
    title           = "Compatibility",
    howpublished    = "Compatibility - Kotlin Programming language",
    year            = {2017},
    url             = {https://goo.gl/8PbMDd},
    urldate         = {"14.04.2017"},
    language        = "english"
}
@online{scala:structural,
  author       = "Martin Odersky, Gilles Dubochet",
  title        = "Compiling Structural Types on the JVM",
  howpublished = "A Comparison of Reflective and Generative Techniques from Scala’s Perspective",
  year         = 2009,
  url          = {https://goo.gl/umxr4B},
  urldate      = "17.04.2017",
  language     = "english"
}
@online{whiteoak,
  author       = "Joseph (Yossi) Gil, Itay Maman",
  title        = "Whiteoak: Introducing Structural Typing into Java",
  howpublished = "The ACM Digital Library",
  year         = 2008,
  url          = {https://goo.gl/Cu80fs},
  urldate      = "17.04.2017",
  language     = "english"
}
@online{go,
  author       = "Airs – Ian Lance Taylor",
  title        = "Go Interfaces",
  howpublished = "Airs – Ian Lance Taylor",
  year         = 2009,
  url          = {https://goo.gl/wlUa0k},
  urldate      = "17.04.2017",
  language     = "english"
}
@online{jvm:primitive,
  author       = "Oracle Corporation",
  title        = "Primitive Data Types",
  howpublished = "Java Documentation",
  year         = 2015,
  url          = {https://goo.gl/VHHcqT},
  urldate      = "17.04.2017",
  language     = "english"
}
@book{book:pierce,
  author     = {Benjamin C. Pierce},
  title      = {Types and Programming Languages},
  isbn       = {0-262-16209-1},
  series     = {MIT Press},
  url        = {https://www.cis.upenn.edu/~bcpierce/tapl/},
  year       = {2002},
  publisher  = {MIT Press},
  url        = {https://books.google.ru/books?id=ti6zoAC9Ph8C},
  eprinttype = {Google Books}
}
